%YAML 1.1
%TAG !u! tag:unity3d.com,2011:
--- !u!29 &1
SceneSettings:
  m_ObjectHideFlags: 0
  m_PVSData: 
  m_PVSObjectsArray: []
  m_PVSPortalsArray: []
  m_OcclusionBakeSettings:
    smallestOccluder: 5
    smallestHole: .25
    backfaceThreshold: 100
--- !u!104 &2
RenderSettings:
  m_Fog: 0
  m_FogColor: {r: .5, g: .5, b: .5, a: 1}
  m_FogMode: 3
  m_FogDensity: .00999999978
  m_LinearFogStart: 0
  m_LinearFogEnd: 300
  m_AmbientLight: {r: .200000003, g: .200000003, b: .200000003, a: 1}
  m_SkyboxMaterial: {fileID: 0}
  m_HaloStrength: .5
  m_FlareStrength: 1
  m_FlareFadeSpeed: 3
  m_HaloTexture: {fileID: 0}
  m_SpotCookie: {fileID: 0}
  m_ObjectHideFlags: 0
--- !u!127 &3
LevelGameManager:
  m_ObjectHideFlags: 0
--- !u!157 &4
LightmapSettings:
  m_ObjectHideFlags: 0
  m_LightProbes: {fileID: 0}
  m_Lightmaps: []
  m_LightmapsMode: 1
  m_BakedColorSpace: 0
  m_UseDualLightmapsInForward: 0
  m_LightmapEditorSettings:
    m_Resolution: 50
    m_LastUsedResolution: 0
    m_TextureWidth: 1024
    m_TextureHeight: 1024
    m_BounceBoost: 1
    m_BounceIntensity: 1
    m_SkyLightColor: {r: .860000014, g: .930000007, b: 1, a: 1}
    m_SkyLightIntensity: 0
    m_Quality: 0
    m_Bounces: 1
    m_FinalGatherRays: 1000
    m_FinalGatherContrastThreshold: .0500000007
    m_FinalGatherGradientThreshold: 0
    m_FinalGatherInterpolationPoints: 15
    m_AOAmount: 0
    m_AOMaxDistance: .100000001
    m_AOContrast: 1
    m_LODSurfaceMappingDistance: 1
    m_Padding: 0
    m_TextureCompression: 0
    m_LockAtlas: 0
--- !u!196 &5
NavMeshSettings:
  m_ObjectHideFlags: 0
  m_BuildSettings:
    agentRadius: .5
    agentHeight: 2
    agentSlope: 45
    agentClimb: .400000006
    ledgeDropHeight: 0
    maxJumpAcrossDistance: 0
    accuratePlacement: 0
    minRegionArea: 2
    widthInaccuracy: 16.666666
    heightInaccuracy: 10
  m_NavMesh: {fileID: 0}
--- !u!1 &504172364
GameObject:
  m_ObjectHideFlags: 0
  m_PrefabParentObject: {fileID: 100006, guid: 0c759eee9d8488d488eef10f2549729d, type: 2}
  m_PrefabInternal: {fileID: 1552454320}
  serializedVersion: 4
  m_Component:
  - 4: {fileID: 504172365}
  - 114: {fileID: 504172367}
  - 114: {fileID: 504172366}
  m_Layer: 0
  m_Name: SaveData
  m_TagString: Untagged
  m_Icon: {fileID: 0}
  m_NavMeshLayer: 0
  m_StaticEditorFlags: 0
  m_IsActive: 1
--- !u!4 &504172365
Transform:
  m_ObjectHideFlags: 0
  m_PrefabParentObject: {fileID: 400006, guid: 0c759eee9d8488d488eef10f2549729d, type: 2}
  m_PrefabInternal: {fileID: 1552454320}
  m_GameObject: {fileID: 504172364}
  m_LocalRotation: {x: 0, y: 0, z: 0, w: 1}
  m_LocalPosition: {x: 0, y: -1, z: 10}
  m_LocalScale: {x: 1, y: 1, z: 1}
  m_Children: []
  m_Father: {fileID: 1368243887}
  m_RootOrder: 2
--- !u!114 &504172366
MonoBehaviour:
  m_ObjectHideFlags: 0
  m_PrefabParentObject: {fileID: 11400008, guid: 0c759eee9d8488d488eef10f2549729d,
    type: 2}
  m_PrefabInternal: {fileID: 1552454320}
  m_GameObject: {fileID: 504172364}
  m_Enabled: 1
  m_EditorHideFlags: 0
  m_Script: {fileID: 11500000, guid: d25f9505182618e4fa32d3cfa4cd9264, type: 3}
  m_Name: 
  m_EditorClassIdentifier: 
--- !u!114 &504172367
MonoBehaviour:
  m_ObjectHideFlags: 0
  m_PrefabParentObject: {fileID: 11400006, guid: 0c759eee9d8488d488eef10f2549729d,
    type: 2}
  m_PrefabInternal: {fileID: 1552454320}
  m_GameObject: {fileID: 504172364}
  m_Enabled: 1
  m_EditorHideFlags: 0
  m_Script: {fileID: 11500000, guid: 32baf5eb0c742434dbef0ccaa11a2cf8, type: 3}
  m_Name: 
  m_EditorClassIdentifier: 
  isReleaseBackMode: 0
  isNowMode: 0
  attackBoostItemNum: 0
  hitpointBoostItemNum: 0
  money: 0
  baseAttackBoostNum: 10
  baseHitpointBoostNum: 10
--- !u!1 &759196959
GameObject:
  m_ObjectHideFlags: 0
  m_PrefabParentObject: {fileID: 0}
  m_PrefabInternal: {fileID: 0}
  serializedVersion: 4
  m_Component:
  - 4: {fileID: 759196962}
  - 131: {fileID: 759196961}
  - 114: {fileID: 759196960}
  - 114: {fileID: 759196963}
  m_Layer: 0
  m_Name: CSLogo
  m_TagString: Untagged
  m_Icon: {fileID: 0}
  m_NavMeshLayer: 0
  m_StaticEditorFlags: 0
  m_IsActive: 1
--- !u!114 &759196960
MonoBehaviour:
  m_ObjectHideFlags: 0
  m_PrefabParentObject: {fileID: 0}
  m_PrefabInternal: {fileID: 0}
  m_GameObject: {fileID: 759196959}
  m_Enabled: 1
  m_EditorHideFlags: 0
  m_Script: {fileID: 11500000, guid: 85a27e627a8386a468e0da551e3e3816, type: 3}
  m_Name: 
  m_EditorClassIdentifier: 
  priority: 0
--- !u!131 &759196961
GUITexture:
  m_ObjectHideFlags: 0
  m_PrefabParentObject: {fileID: 0}
  m_PrefabInternal: {fileID: 0}
  m_GameObject: {fileID: 759196959}
  m_Enabled: 1
  m_Texture: {fileID: 2800000, guid: 4c93966c5980fb04bbbac4a008979e50, type: 3}
  m_Color: {r: .5, g: .5, b: .5, a: .5}
  m_PixelInset:
    serializedVersion: 2
    x: 0
    y: 0
    width: 1280
    height: 720
  m_LeftBorder: 0
  m_RightBorder: 0
  m_TopBorder: 0
  m_BottomBorder: 0
--- !u!4 &759196962
Transform:
  m_ObjectHideFlags: 0
  m_PrefabParentObject: {fileID: 0}
  m_PrefabInternal: {fileID: 0}
  m_GameObject: {fileID: 759196959}
  m_LocalRotation: {x: 0, y: 0, z: 0, w: 1}
  m_LocalPosition: {x: 0, y: 0, z: 0}
  m_LocalScale: {x: 0, y: 0, z: 1}
  m_Children: []
  m_Father: {fileID: 0}
  m_RootOrder: 2
--- !u!114 &759196963
MonoBehaviour:
  m_ObjectHideFlags: 0
  m_PrefabParentObject: {fileID: 0}
  m_PrefabInternal: {fileID: 0}
  m_GameObject: {fileID: 759196959}
  m_Enabled: 1
  m_EditorHideFlags: 0
  m_Script: {fileID: 11500000, guid: dea3b7b7c61508c4db2c27efdcada624, type: 3}
  m_Name: 
  m_EditorClassIdentifier: 
  fadeInSpeed: .00999999978
  fadeOutSpeed: .00999999978
  moveSceneTime: 2
  isStopInput: 0
--- !u!1 &959368231
GameObject:
  m_ObjectHideFlags: 0
  m_PrefabParentObject: {fileID: 100000, guid: 0c759eee9d8488d488eef10f2549729d, type: 2}
  m_PrefabInternal: {fileID: 1552454320}
  serializedVersion: 4
  m_Component:
  - 4: {fileID: 959368234}
  - 114: {fileID: 959368233}
  - 114: {fileID: 959368232}
  m_Layer: 0
  m_Name: BGMSEParam
  m_TagString: Untagged
  m_Icon: {fileID: 0}
  m_NavMeshLayer: 0
  m_StaticEditorFlags: 0
  m_IsActive: 1
--- !u!114 &959368232
MonoBehaviour:
  m_ObjectHideFlags: 0
  m_PrefabParentObject: {fileID: 11400000, guid: 0c759eee9d8488d488eef10f2549729d,
    type: 2}
  m_PrefabInternal: {fileID: 1552454320}
  m_GameObject: {fileID: 959368231}
  m_Enabled: 1
  m_EditorHideFlags: 0
  m_Script: {fileID: 11500000, guid: d25f9505182618e4fa32d3cfa4cd9264, type: 3}
  m_Name: 
  m_EditorClassIdentifier: 
--- !u!114 &959368233
MonoBehaviour:
  m_ObjectHideFlags: 0
  m_PrefabParentObject: {fileID: 11400002, guid: 0c759eee9d8488d488eef10f2549729d,
    type: 2}
  m_PrefabInternal: {fileID: 1552454320}
  m_GameObject: {fileID: 959368231}
  m_Enabled: 1
  m_EditorHideFlags: 0
  m_Script: {fileID: 11500000, guid: 47a898fb036b64548b0f18f412c94dcb, type: 3}
  m_Name: 
  m_EditorClassIdentifier: 
  changeDelay: 100
  seVolume: .75
  bgmVolume: .5
--- !u!4 &959368234
Transform:
  m_ObjectHideFlags: 0
  m_PrefabParentObject: {fileID: 400000, guid: 0c759eee9d8488d488eef10f2549729d, type: 2}
  m_PrefabInternal: {fileID: 1552454320}
  m_GameObject: {fileID: 959368231}
  m_LocalRotation: {x: 0, y: 0, z: 0, w: 1}
  m_LocalPosition: {x: 0, y: -1, z: 10}
  m_LocalScale: {x: 1, y: 1, z: 1}
  m_Children: []
  m_Father: {fileID: 1368243887}
  m_RootOrder: 0
--- !u!1 &1233696829
GameObject:
  m_ObjectHideFlags: 0
  m_PrefabParentObject: {fileID: 100004, guid: 0c759eee9d8488d488eef10f2549729d, type: 2}
  m_PrefabInternal: {fileID: 1552454320}
  serializedVersion: 4
  m_Component:
  - 4: {fileID: 1233696830}
  - 114: {fileID: 1233696831}
  m_Layer: 0
  m_Name: FadeManager
  m_TagString: Untagged
  m_Icon: {fileID: 0}
  m_NavMeshLayer: 0
  m_StaticEditorFlags: 0
  m_IsActive: 1
--- !u!4 &1233696830
Transform:
  m_ObjectHideFlags: 0
  m_PrefabParentObject: {fileID: 400004, guid: 0c759eee9d8488d488eef10f2549729d, type: 2}
  m_PrefabInternal: {fileID: 1552454320}
  m_GameObject: {fileID: 1233696829}
  m_LocalRotation: {x: 0, y: 0, z: 0, w: 1}
  m_LocalPosition: {x: 0, y: -1, z: 10}
  m_LocalScale: {x: 1, y: 1, z: 1}
  m_Children: []
  m_Father: {fileID: 1368243887}
  m_RootOrder: 1
--- !u!114 &1233696831
MonoBehaviour:
  m_ObjectHideFlags: 0
  m_PrefabParentObject: {fileID: 11400004, guid: 0c759eee9d8488d488eef10f2549729d,
    type: 2}
  m_PrefabInternal: {fileID: 1552454320}
  m_GameObject: {fileID: 1233696829}
  m_Enabled: 1
  m_EditorHideFlags: 0
  m_Script: {fileID: 11500000, guid: d560af01506e81449acb90a692971371, type: 3}
  m_Name: 
  m_EditorClassIdentifier: 
  blackTexture: {fileID: 2800000, guid: 59e77f25423e9544b897ce2a72a0523d, type: 3}
--- !u!1 &1368243886
GameObject:
  m_ObjectHideFlags: 0
  m_PrefabParentObject: {fileID: 100002, guid: 0c759eee9d8488d488eef10f2549729d, type: 2}
  m_PrefabInternal: {fileID: 1552454320}
  serializedVersion: 4
  m_Component:
  - 4: {fileID: 1368243887}
  m_Layer: 0
  m_Name: TestObject
  m_TagString: Untagged
  m_Icon: {fileID: 0}
  m_NavMeshLayer: 0
  m_StaticEditorFlags: 0
  m_IsActive: 0
--- !u!4 &1368243887
Transform:
  m_ObjectHideFlags: 0
  m_PrefabParentObject: {fileID: 400002, guid: 0c759eee9d8488d488eef10f2549729d, type: 2}
  m_PrefabInternal: {fileID: 1552454320}
  m_GameObject: {fileID: 1368243886}
  m_LocalRotation: {x: 0, y: 0, z: 0, w: 1}
  m_LocalPosition: {x: 0, y: 1, z: -10}
  m_LocalScale: {x: 1, y: 1, z: 1}
  m_Children:
  - {fileID: 959368234}
  - {fileID: 1233696830}
  - {fileID: 504172365}
  m_Father: {fileID: 0}
  m_RootOrder: 1
--- !u!1001 &1552454320
Prefab:
  m_ObjectHideFlags: 0
  serializedVersion: 2
  m_Modification:
    m_TransformParent: {fileID: 0}
    m_Modifications:
    - target: {fileID: 400002, guid: 0c759eee9d8488d488eef10f2549729d, type: 2}
      propertyPath: m_LocalPosition.x
      value: 0
      objectReference: {fileID: 0}
    - target: {fileID: 400002, guid: 0c759eee9d8488d488eef10f2549729d, type: 2}
      propertyPath: m_LocalPosition.y
      value: 1
      objectReference: {fileID: 0}
    - target: {fileID: 400002, guid: 0c759eee9d8488d488eef10f2549729d, type: 2}
      propertyPath: m_LocalPosition.z
      value: -10
      objectReference: {fileID: 0}
    - target: {fileID: 400002, guid: 0c759eee9d8488d488eef10f2549729d, type: 2}
      propertyPath: m_LocalRotation.x
      value: 0
      objectReference: {fileID: 0}
    - target: {fileID: 400002, guid: 0c759eee9d8488d488eef10f2549729d, type: 2}
      propertyPath: m_LocalRotation.y
      value: 0
      objectReference: {fileID: 0}
    - target: {fileID: 400002, guid: 0c759eee9d8488d488eef10f2549729d, type: 2}
      propertyPath: m_LocalRotation.z
      value: 0
      objectReference: {fileID: 0}
    - target: {fileID: 400002, guid: 0c759eee9d8488d488eef10f2549729d, type: 2}
      propertyPath: m_LocalRotation.w
      value: 1
      objectReference: {fileID: 0}
    - target: {fileID: 400002, guid: 0c759eee9d8488d488eef10f2549729d, type: 2}
      propertyPath: m_RootOrder
      value: 1
      objectReference: {fileID: 0}
    - target: {fileID: 100002, guid: 0c759eee9d8488d488eef10f2549729d, type: 2}
      propertyPath: m_IsActive
      value: 0
      objectReference: {fileID: 0}
    m_RemovedComponents: []
  m_ParentPrefab: {fileID: 100100000, guid: 0c759eee9d8488d488eef10f2549729d, type: 2}
  m_RootGameObject: {fileID: 1368243886}
  m_IsPrefabParent: 0
  m_IsExploded: 1
--- !u!1 &2147139032
GameObject:
  m_ObjectHideFlags: 0
  m_PrefabParentObject: {fileID: 0}
  m_PrefabInternal: {fileID: 0}
  serializedVersion: 4
  m_Component:
  - 4: {fileID: 2147139037}
  - 20: {fileID: 2147139036}
  - 92: {fileID: 2147139035}
  - 124: {fileID: 2147139034}
  - 81: {fileID: 2147139033}
  m_Layer: 0
  m_Name: Main Camera
  m_TagString: MainCamera
  m_Icon: {fileID: 0}
  m_NavMeshLayer: 0
  m_StaticEditorFlags: 0
  m_IsActive: 1
--- !u!81 &2147139033
AudioListener:
  m_ObjectHideFlags: 0
  m_PrefabParentObject: {fileID: 0}
  m_PrefabInternal: {fileID: 0}
  m_GameObject: {fileID: 2147139032}
  m_Enabled: 1
--- !u!124 &2147139034
Behaviour:
  m_ObjectHideFlags: 0
  m_PrefabParentObject: {fileID: 0}
  m_PrefabInternal: {fileID: 0}
  m_GameObject: {fileID: 2147139032}
  m_Enabled: 1
--- !u!92 &2147139035
Behaviour:
  m_ObjectHideFlags: 0
  m_PrefabParentObject: {fileID: 0}
  m_PrefabInternal: {fileID: 0}
  m_GameObject: {fileID: 2147139032}
  m_Enabled: 1
--- !u!20 &2147139036
Camera:
  m_ObjectHideFlags: 0
  m_PrefabParentObject: {fileID: 0}
  m_PrefabInternal: {fileID: 0}
  m_GameObject: {fileID: 2147139032}
  m_Enabled: 1
  serializedVersion: 2
  m_ClearFlags: 1
  m_BackGroundColor: {r: 0, g: 0, b: 0, a: .0196078438}
  m_NormalizedViewPortRect:
    serializedVersion: 2
    x: 0
    y: 0
    width: 1
    height: 1
  near clip plane: .300000012
  far clip plane: 1000
  field of view: 60
  orthographic: 0
  orthographic size: 5
  m_Depth: -1
  m_CullingMask:
    serializedVersion: 2
    m_Bits: 4294967295
  m_RenderingPath: -1
  m_TargetTexture: {fileID: 0}
  m_TargetDisplay: 0
  m_HDR: 0
  m_OcclusionCulling: 1
  m_StereoConvergence: 10
  m_StereoSeparation: .0219999999
--- !u!4 &2147139037
Transform:
  m_ObjectHideFlags: 0
  m_PrefabParentObject: {fileID: 0}
  m_PrefabInternal: {fileID: 0}
  m_GameObject: {fileID: 2147139032}
  m_LocalRotation: {x: 0, y: 0, z: 0, w: 1}
  m_LocalPosition: {x: 0, y: 1, z: -10}
  m_LocalScale: {x: 1, y: 1, z: 1}
  m_Children: []
  m_Father: {fileID: 0}
  m_RootOrder: 0
